@article{Bevan_2014,
	title={The Physics of the B Factories},
	volume={74},
	ISSN={1434-6052},
	url={http://dx.doi.org/10.1140/epjc/s10052-014-3026-9},
	DOI={10.1140/epjc/s10052-014-3026-9},
	number={11},
	journal={The European Physical Journal C},
	publisher={Springer Science and Business Media LLC},
	author={Bevan, A. J. and Golob, B. and Mannel, Th. and Prell, S. and Yabsley, B. D. and Aihara, H. and Anulli, F. and Arnaud, N. and Aushev, T. and Beneke, M. and et al.},
	year={2014},
	month={Nov}
}
@article{kang2020measurement,
	title={Measurement of time-dependent CP violation parameters in B0->KsKsKs decays at Belle},
	author={Kang, KH and Park, H and Higuchi, T and Miyabayashi, K and Sumisawa, K and Adachi, I and Ahn, JK and Aihara, H and Said, S Al and Asner, DM and others},
	journal={arXiv preprint arXiv:2011.00793},
	year={2020}
}

@article{lees2012amplitude,
	title={Amplitude analysis and measurement of the time-dependent C P asymmetry of B 0→ K S 0 K S 0 K S 0 decays},
	author={Lees, JP and Poireau, V and Tisserand, V and Tico, J Garra and Grauges, E and Martinelli, M and Milanes, DA and Palano, A and Pappagallo, M and Eigen, G and others},
	journal={Physical Review D},
	volume={85},
	number={5},
	pages={054023},
	year={2012},
	publisher={APS}
}

@article{ refId0,
	author = {{Tenchini, Francesco} and {Krohn, Jo-Frederik}},
	title = {Decay Chain Reconstruction at Belle II},
	DOI= "10.1051/epjconf/201921406023",
	url= "https://doi.org/10.1051/epjconf/201921406023",
	journal = {EPJ Web Conf.},
	year = 2019,
	volume = 214,
	pages = "06023",
}

@article{keck2016fastbdt,
	title={FastBDT: A speed-optimized and cache-friendly implementation of stochastic gradient-boosted decision trees for multivariate classification},
	author={Keck, Thomas},
	journal={arXiv preprint arXiv:1609.06119},
	url={https://arxiv.org/pdf/1609.06119},
	year={2016}
}

@article{friedman2001greedy,
	title={Greedy function approximation: a gradient boosting machine},
	author={Friedman, Jerome H},
	journal={Annals of statistics},
	url={https://projecteuclid.org/download/pdf_1/euclid.aos/1013203451},
	pages={1189--1232},
	year={2001},
	publisher={JSTOR}
}

@misc{olshen1984classification,
	title={Classification and Regression Trees. Statistics/Probability Series},
	author={Olshen, L Breiman J Friedman RA and Stone, CJ},
	year={1984},
	publisher={Wadsworth Publishing Company Belmont California USA}
}

@article{basf2,
	title={The Belle II Core Software},
	volume={3},
	ISSN={2510-2044},
	url={http://dx.doi.org/10.1007/s41781-018-0017-9},
	DOI={10.1007/s41781-018-0017-9},
	number={1},
	journal={Computing and Software for Big Science},
	publisher={Springer Science and Business Media LLC},
	author={Kuhr, T. and Pulvermacher, C. and Ritter, M. and Hauth, T. and Braun, N.},
	year={2018},
	month={Nov}
}

@ARTICLE{noether,
	author = {{Noether}, Emmy},
	title = "{Invariant variation problems}",
	journal = {Transport Theory and Statistical Physics},
	keywords = {Physics - History and Philosophy of Physics},
	year = "1971",
	month = "Jan",
	volume = {1},
	number = {3},
	pages = {186-207},
	doi = {10.1080/00411457108231446},
	archivePrefix = {arXiv},
	eprint = {physics/0503066},
	primaryClass = {physics.hist-ph},
	adsurl = {https://ui.adsabs.harvard.edu/abs/1971TTSP....1..186N},
	adsnote = {Provided by the SAO/NASA Astrophysics Data System}
}

@article{PhysRev.104.254,
	title = {Question of Parity Conservation in Weak Interactions},
	author = {Lee, T. D. and Yang, C. N.},
	journal = {Phys. Rev.},
	volume = {104},
	issue = {1},
	pages = {254--258},
	numpages = {0},
	year = {1956},
	month = {Oct},
	publisher = {American Physical Society},
	doi = {10.1103/PhysRev.104.254},
	url = {https://link.aps.org/doi/10.1103/PhysRev.104.254}
}

@article{CKM,
	author = {Kobayashi, Makoto and Maskawa, Toshihide},
	title = "{CP-Violation in the Renormalizable Theory of Weak Interaction}",
	journal = {Progress of Theoretical Physics},
	volume = {49},
	number = {2},
	pages = {652-657},
	year = {1973},
	month = {02},
	abstract = "{In a framework of the renormalizable theory of weak interaction, problems of CP-violation are studied. It is concluded that no realistic models of CP-violation exist in the quartet scheme without introducing any other new fields. Some possible models of CP-violation are also discussed.}",
	issn = {0033-068X},
	doi = {10.1143/PTP.49.652},
	url = {https://doi.org/10.1143/PTP.49.652},
	eprint = {https://academic.oup.com/ptp/article-pdf/49/2/652/5257692/49-2-652.pdf},
}


@article{b2book,
	title={The Belle II Physics Book},
	volume={2019},
	ISSN={2050-3911},
	url={http://dx.doi.org/10.1093/ptep/ptz106},
	DOI={10.1093/ptep/ptz106},
	number={12},
	journal={Progress of Theoretical and Experimental Physics},
	publisher={Oxford University Press (OUP)},
	author={Kou, E and Urquijo, P and Altmannshofer, W and Beaujean, F and Bell, G and Beneke, M and Bigi, I I and Bishara, F and Blanke, M and Bobeth, C and et al.},
	year={2019},
	month={Dec}
}

@article{Abe:2010gxa,
	author         = "Abe, T. and others",
	title          = "{Belle II Technical Design Report}",
	collaboration  = "Belle-II",
	year           = "2010",
	eprint         = "1011.0352",
	note		   = "arXiv:1011.0352",
	archivePrefix  = "arXiv",
	primaryClass   = "physics.ins-det",
	reportNumber   = "KEK-REPORT-2010-1",
	SLACcitation   = "%%CITATION = ARXIV:1011.0352;%%"
}

@article{Gronau_2004,
	title={Interpreting the time-dependent CP asymmetry in B0→pi0KS},
	volume={579},
	ISSN={0370-2693},
	url={http://dx.doi.org/10.1016/j.physletb.2003.11.015},
	DOI={10.1016/j.physletb.2003.11.015},
	number={3-4},
	journal={Physics Letters B},
	publisher={Elsevier BV},
	author={Gronau, Michael and Grossman, Yuval and Rosner, Jonathan L},
	year={2004},
	month={Jan},
	pages={331–339}
}

@manual{jpsiks_ichep,url = "https://docs.belle2.org/record/1941/files/BELLE2-NOTE-PH-2020-027.pdf",
}
@manual{flavortagger,
	url = "https://docs.belle2.org/record/1905/files/BELLE2-NOTE-PH-2020-013_v3.2.pdf?version=1",
}