






@article{doi:10.1080/00411457108231446,
author = { Emmy   Noether },
title = {Invariant variation problems},
journal = {Transport Theory and Statistical Physics},
volume = {1},
number = {3},
pages = {186-207},
year  = {1971},
publisher = {Taylor & Francis},
doi = {10.1080/00411457108231446},

URL = { 
        https://doi.org/10.1080/00411457108231446
    
},
eprint = { 
        https://doi.org/10.1080/00411457108231446
    
}

}


